<?xml version="1.0" encoding="UTF-8"?><collection xmlns="http://www.loc.gov/MARC21/slim"><record><leader>00493nam--2200193-i-4500</leader><controlfield tag="001">000010194</controlfield><controlfield tag="002">20161230</controlfield><controlfield tag="005">20170208133218</controlfield><controlfield tag="008">060222s1000------------r-----000-0-eng-d</controlfield><datafield ind1=" " ind2=" " tag="020"><subfield code="a">41610410X</subfield></datafield><datafield ind1=" " ind2=" " tag="040"><subfield code="a">IFIN-HH</subfield></datafield><datafield ind1=" " ind2=" " tag="080"><subfield code="a">539.2:548.73</subfield></datafield><datafield ind1="1" ind2=" " tag="100"><subfield code="a">Donovan, B</subfield></datafield><datafield ind1="1" ind2="0" tag="245"><subfield code="a">Lattice vibrations</subfield><subfield code="c">B. Donovan, J.F. Angress</subfield></datafield><datafield ind1=" " ind2=" " tag="260"><subfield code="a">London</subfield><subfield code="b">Chapman And Hall Ltd</subfield><subfield code="c">1971</subfield></datafield><datafield ind1=" " ind2=" " tag="300"><subfield code="a">VIII + 190 p</subfield></datafield><datafield ind1="1" ind2=" " tag="700"><subfield code="a">Angress, J. F</subfield></datafield><datafield ind1=" " ind2=" " tag="852"><subfield code="a">37043</subfield><subfield code="c">539.2</subfield></datafield><datafield ind1=" " ind2=" " tag="CAT"><subfield code="a">SYS</subfield><subfield code="c">20170208</subfield><subfield code="h">133218</subfield></datafield></record></collection>